
    <zs:record>
      <zs:recordSchema/>
      <zs:recordPacking>xml</zs:recordPacking>
      <zs:recordData>
        <record xmlns="http://www.loc.gov/MARC21/slim">
          <leader>00707cam a2200205u  4500</leader>
          <controlfield tag="001">6445596</controlfield>
          <controlfield tag="005">20021023152408.0</controlfield>
          <controlfield tag="008">811117s1940    fr            000 0 fre  </controlfield>
          <datafield tag="035" ind1=" " ind2=" ">
            <subfield code="9">(DLC)   41014355</subfield>
          </datafield>
          <datafield tag="906" ind1=" " ind2=" ">
            <subfield code="a">0</subfield>
            <subfield code="b">cbc</subfield>
            <subfield code="c">premunv</subfield>
            <subfield code="d">u</subfield>
            <subfield code="e">ncip</subfield>
            <subfield code="f">19</subfield>
            <subfield code="g">y-gencatlg</subfield>
          </datafield>
          <datafield tag="010" ind1=" " ind2=" ">
            <subfield code="a">   41014355 </subfield>
          </datafield>
          <datafield tag="040" ind1=" " ind2=" ">
            <subfield code="a">DLC</subfield>
            <subfield code="c">CarP</subfield>
            <subfield code="d">DLC</subfield>
          </datafield>
          <datafield tag="050" ind1="0" ind2="0">
            <subfield code="a">PR6003.A66</subfield>
            <subfield code="b">M52</subfield>
          </datafield>
          <datafield tag="100" ind1="1" ind2=" ">
            <subfield code="a">Barclay, Florence L.</subfield>
            <subfield code="q">(Florence Louisa),</subfield>
            <subfield code="d">1862-1921.</subfield>
          </datafield>
          <datafield tag="240" ind1="1" ind2="0">
            <subfield code="a">Mistress of Shenstone.</subfield>
            <subfield code="l">French. [from old catalog]</subfield>
          </datafield>
          <datafield tag="245" ind1="1" ind2="3">
            <subfield code="a">La châtelaine de Shenstone,</subfield>
          </datafield>
          <datafield tag="260" ind1=" " ind2=" ">
            <subfield code="a">Paris,</subfield>
            <subfield code="a">New York [etc.]</subfield>
            <subfield code="b">Nelson,</subfield>
            <subfield code="c">1940.</subfield>
          </datafield>
          <datafield tag="300" ind1=" " ind2=" ">
            <subfield code="a">viii, [9]-288 p.</subfield>
            <subfield code="c">16 cm.</subfield>
          </datafield>
          <datafield tag="700" ind1="2" ind2=" ">
            <subfield code="a">Saint-Segond, E. de, [from old catalog]</subfield>
            <subfield code="e">tr.</subfield>
          </datafield>
          <datafield tag="991" ind1=" " ind2=" ">
            <subfield code="b">c-GenColl</subfield>
            <subfield code="h">PR6003.A66</subfield>
            <subfield code="i">M52</subfield>
            <subfield code="t">Copy 1</subfield>
            <subfield code="w">PREM</subfield>
          </datafield>
        </record>
      </zs:recordData>
      <zs:recordPosition>5</zs:recordPosition>
    </zs:record>