
    <zs:record>
      <zs:recordSchema/>
      <zs:recordPacking>xml</zs:recordPacking>
      <zs:recordData>
        <record xmlns="http://www.loc.gov/MARC21/slim">
          <leader>01846cam a22004817a 4500</leader>
          <controlfield tag="001">18562550</controlfield>
          <controlfield tag="005">20151110081809.0</controlfield>
          <controlfield tag="008">090610r201219uucc            000 1 chi d</controlfield>
          <datafield tag="906" ind1=" " ind2=" ">
            <subfield code="a">7</subfield>
            <subfield code="b">cbc</subfield>
            <subfield code="c">copycat</subfield>
            <subfield code="d">3</subfield>
            <subfield code="e">ncip</subfield>
            <subfield code="f">20</subfield>
            <subfield code="g">y-nonroman</subfield>
          </datafield>
          <datafield tag="925" ind1="0" ind2=" ">
            <subfield code="a">acquire</subfield>
            <subfield code="b">1 shelfcopy</subfield>
            <subfield code="x">policy default</subfield>
          </datafield>
          <datafield tag="955" ind1=" " ind2=" ">
            <subfield code="a">CIB to LC 2015-03-19</subfield>
            <subfield code="b">cc04 2015-11-09</subfield>
            <subfield code="i">cc15 2015-11-10 to Asian</subfield>
          </datafield>
          <datafield tag="010" ind1=" " ind2=" ">
            <subfield code="a">  2015498302</subfield>
          </datafield>
          <datafield tag="040" ind1=" " ind2=" ">
            <subfield code="a">CIBTC</subfield>
            <subfield code="c">CIBTC</subfield>
            <subfield code="d">DLC</subfield>
          </datafield>
          <datafield tag="041" ind1="1" ind2=" ">
            <subfield code="a">chi</subfield>
            <subfield code="h">eng</subfield>
          </datafield>
          <datafield tag="042" ind1=" " ind2=" ">
            <subfield code="a">lccopycat</subfield>
          </datafield>
          <datafield tag="050" ind1="0" ind2="0">
            <subfield code="a">AC149</subfield>
            <subfield code="b">.M564 2012 vol. R57</subfield>
          </datafield>
          <datafield tag="066" ind1=" " ind2=" ">
            <subfield code="c">$1</subfield>
          </datafield>
          <datafield tag="100" ind1="1" ind2=" ">
            <subfield code="a">Barclay, Florence L.</subfield>
            <subfield code="q">(Florence Louisa),</subfield>
            <subfield code="d">1862-1921.</subfield>
          </datafield>
          <datafield tag="245" ind1="1" ind2="0">
            <subfield code="6">880-01</subfield>
            <subfield code="a">Mei gui hua /</subfield>
            <subfield code="c">[Bakelei yuan zhu ; Lin Shu, Chen Jialin tong yi].</subfield>
          </datafield>
          <datafield tag="880" ind1="1" ind2="0">
            <subfield code="6">245-01/$1</subfield>
            <subfield code="a">玫瑰花 /</subfield>
            <subfield code="c">[巴克雷原著 ; 林紓, 陳家麟同譯].</subfield>
          </datafield>
          <datafield tag="260" ind1=" " ind2=" ">
            <subfield code="6">880-02</subfield>
            <subfield code="a">[Beijing :</subfield>
            <subfield code="b">Beijing zhong xian tuo fang ke ji fa zhan you xian gong si,</subfield>
            <subfield code="c">2012]</subfield>
          </datafield>
          <datafield tag="880" ind1=" " ind2=" ">
            <subfield code="6">260-02/$1</subfield>
            <subfield code="a">[北京 :</subfield>
            <subfield code="b">北京中献拓方科技发展有限公司,</subfield>
            <subfield code="c">2012]</subfield>
          </datafield>
          <datafield tag="300" ind1=" " ind2=" ">
            <subfield code="a">2 v. ;</subfield>
            <subfield code="c">19 cm.</subfield>
          </datafield>
          <datafield tag="490" ind1="1" ind2=" ">
            <subfield code="6">880-03</subfield>
            <subfield code="a">Minguo ji cui ; M6516</subfield>
          </datafield>
          <datafield tag="880" ind1="1" ind2=" ">
            <subfield code="6">490-03/$1</subfield>
            <subfield code="a">民国籍粹 ; M6516</subfield>
          </datafield>
          <datafield tag="490" ind1="1" ind2=" ">
            <subfield code="6">880-04</subfield>
            <subfield code="a">Lin yi xiao shuo. 2 ;</subfield>
            <subfield code="v">37</subfield>
          </datafield>
          <datafield tag="880" ind1="1" ind2=" ">
            <subfield code="6">490-04/$1</subfield>
            <subfield code="a">林譯小說. 2 ;</subfield>
            <subfield code="v">37.</subfield>
          </datafield>
          <datafield tag="500" ind1=" " ind2=" ">
            <subfield code="6">880-05</subfield>
            <subfield code="a">"Shanghai : Shang wu yin shu guan."</subfield>
          </datafield>
          <datafield tag="880" ind1=" " ind2=" ">
            <subfield code="6">500-05/$1</subfield>
            <subfield code="a">"上海 : 商務印書館."</subfield>
          </datafield>
          <datafield tag="500" ind1=" " ind2=" ">
            <subfield code="a">Cover title.</subfield>
          </datafield>
          <datafield tag="500" ind1=" " ind2=" ">
            <subfield code="a">Fiction.</subfield>
          </datafield>
          <datafield tag="500" ind1=" " ind2=" ">
            <subfield code="a">Reprint.</subfield>
          </datafield>
          <datafield tag="500" ind1=" " ind2=" ">
            <subfield code="a">Translated from English.</subfield>
          </datafield>
          <datafield tag="700" ind1="1" ind2=" ">
            <subfield code="6">880-06</subfield>
            <subfield code="a">Lin, Shu,</subfield>
            <subfield code="d">1852-1924.</subfield>
          </datafield>
          <datafield tag="880" ind1="1" ind2=" ">
            <subfield code="6">700-06/$1</subfield>
            <subfield code="a">林紓,</subfield>
            <subfield code="d">1852-1924.</subfield>
          </datafield>
          <datafield tag="700" ind1="1" ind2=" ">
            <subfield code="6">880-07</subfield>
            <subfield code="a">Chen, Jialin.</subfield>
          </datafield>
          <datafield tag="880" ind1="1" ind2=" ">
            <subfield code="6">700-07/$1</subfield>
            <subfield code="a">陳家麟.</subfield>
          </datafield>
          <datafield tag="830" ind1=" " ind2="0">
            <subfield code="6">880-08</subfield>
            <subfield code="a">Minguo ji cui ; M6516.</subfield>
          </datafield>
          <datafield tag="880" ind1=" " ind2="0">
            <subfield code="6">830-08/$1</subfield>
            <subfield code="a">民国籍粹 ; M6516.</subfield>
          </datafield>
          <datafield tag="830" ind1=" " ind2="0">
            <subfield code="6">880-09</subfield>
            <subfield code="a">Lin yi xiao shuo.</subfield>
            <subfield code="n">2 ;</subfield>
            <subfield code="v">37.</subfield>
          </datafield>
          <datafield tag="880" ind1=" " ind2="0">
            <subfield code="6">830-09/$1</subfield>
            <subfield code="a">林譯小說.</subfield>
            <subfield code="n">2 ;</subfield>
            <subfield code="v">37.</subfield>
          </datafield>
          <datafield tag="923" ind1=" " ind2=" ">
            <subfield code="d">20150317</subfield>
            <subfield code="n">TSE2015CB02803FG</subfield>
            <subfield code="s">CIB</subfield>
          </datafield>
          <datafield tag="985" ind1=" " ind2=" ">
            <subfield code="a">CIBTC load</subfield>
            <subfield code="d">2015-04-07</subfield>
          </datafield>
        </record>
      </zs:recordData>
      <zs:recordPosition>12</zs:recordPosition>
    </zs:record>