
    <zs:record>
      <zs:recordSchema/>
      <zs:recordPacking>xml</zs:recordPacking>
      <zs:recordData>
        <record xmlns="http://www.loc.gov/MARC21/slim">
          <leader>01506cam a2200313 a 4500</leader>
          <controlfield tag="001">8720772</controlfield>
          <controlfield tag="005">20090529120229.0</controlfield>
          <controlfield tag="008">751209s1910    nyuaf         000 1 eng  </controlfield>
          <datafield tag="035" ind1=" " ind2=" ">
            <subfield code="9">(DLC)   20015626</subfield>
          </datafield>
          <datafield tag="906" ind1=" " ind2=" ">
            <subfield code="a">7</subfield>
            <subfield code="b">cbc</subfield>
            <subfield code="c">premver</subfield>
            <subfield code="d">1</subfield>
            <subfield code="e">ncip</subfield>
            <subfield code="f">19</subfield>
            <subfield code="g">y-gencatlg</subfield>
          </datafield>
          <datafield tag="955" ind1=" " ind2=" ">
            <subfield code="i">he03 2009-05-29 NEW INPUT</subfield>
          </datafield>
          <datafield tag="010" ind1=" " ind2=" ">
            <subfield code="a">   20015626 </subfield>
          </datafield>
          <datafield tag="040" ind1=" " ind2=" ">
            <subfield code="a">DLC</subfield>
            <subfield code="c">DLC</subfield>
            <subfield code="d">DLC</subfield>
          </datafield>
          <datafield tag="050" ind1="0" ind2="0">
            <subfield code="a">PZ3.B2352</subfield>
            <subfield code="b">Mi2</subfield>
          </datafield>
          <datafield tag="051" ind1=" " ind2=" ">
            <subfield code="a">PR6003.A66</subfield>
            <subfield code="b">M5 1910</subfield>
            <subfield code="c">Part of the collection assembled by Margolis &amp; Moss, purchased by LC in 2008.</subfield>
          </datafield>
          <datafield tag="100" ind1="1" ind2=" ">
            <subfield code="a">Barclay, Florence L.</subfield>
            <subfield code="q">(Florence Louisa),</subfield>
            <subfield code="d">1862-1921.</subfield>
          </datafield>
          <datafield tag="245" ind1="1" ind2="4">
            <subfield code="a">The mistress of Shenstone /</subfield>
            <subfield code="c">by Florence L. Barclay ; with eight illustrations in colour by F.H. Townsend ; decorations by Margaret Armstrong.</subfield>
          </datafield>
          <datafield tag="260" ind1=" " ind2=" ">
            <subfield code="a">New York :</subfield>
            <subfield code="b">G.P. Putnam's Sons :</subfield>
            <subfield code="b">Knickerbocker Press,</subfield>
            <subfield code="c">c1910.</subfield>
          </datafield>
          <datafield tag="300" ind1=" " ind2=" ">
            <subfield code="a">v [i.e. vii], 340 p., [8] leaves of plates :</subfield>
            <subfield code="b">col. ill. ;</subfield>
            <subfield code="c">23 cm.</subfield>
          </datafield>
          <datafield tag="500" ind1=" " ind2=" ">
            <subfield code="a">Cloth binding design, by Margaret Armstrong, was also used for author's The rosary. Cf. Gullans &amp; Espey.</subfield>
          </datafield>
          <datafield tag="510" ind1="4" ind2=" ">
            <subfield code="a">Gullans &amp; Espey</subfield>
            <subfield code="c">17 (note)</subfield>
          </datafield>
          <datafield tag="655" ind1=" " ind2="7">
            <subfield code="a">Publishers' cloth bindings (Binding)</subfield>
            <subfield code="z">New York (State)</subfield>
            <subfield code="z">New York</subfield>
            <subfield code="y">1910.</subfield>
            <subfield code="2">rbbin</subfield>
          </datafield>
          <datafield tag="700" ind1="1" ind2=" ">
            <subfield code="a">Townsend, F. H.</subfield>
            <subfield code="q">(Frederick Henry),</subfield>
            <subfield code="d">1868-1920.</subfield>
          </datafield>
          <datafield tag="700" ind1="1" ind2=" ">
            <subfield code="a">Armstrong, Margaret,</subfield>
            <subfield code="d">1867-1944,</subfield>
            <subfield code="e">binding designer.</subfield>
          </datafield>
          <datafield tag="700" ind1="1" ind2=" ">
            <subfield code="a">Armstrong, Margaret,</subfield>
            <subfield code="d">1867-1944,</subfield>
            <subfield code="e">ill.</subfield>
          </datafield>
          <datafield tag="710" ind1="2" ind2=" ">
            <subfield code="a">Margaret Armstrong Binding Collection (Library of Congress)</subfield>
            <subfield code="5">DLC</subfield>
          </datafield>
          <datafield tag="984" ind1=" " ind2=" ">
            <subfield code="a">gsl</subfield>
          </datafield>
          <datafield tag="985" ind1=" " ind2=" ">
            <subfield code="e">OCLC REPLACEMENT</subfield>
          </datafield>
          <datafield tag="991" ind1=" " ind2=" ">
            <subfield code="b">c-GenColl</subfield>
            <subfield code="h">PZ3.B2352</subfield>
            <subfield code="i">Mi2</subfield>
            <subfield code="p">00012741893</subfield>
            <subfield code="t">Copy 1</subfield>
            <subfield code="w">OCLCREP</subfield>
          </datafield>
        </record>
      </zs:recordData>
      <zs:recordPosition>16</zs:recordPosition>
    </zs:record>